5170,1
5193,1
5213,2
5217,1
5229,2
5233,1
5236,1
5245,2
5246,1
5248,2
5252,1
5253,1
5255,1
5256,1
5257,2
5259,2
5260,1
5261,2
5262,2
5263,1
5264,2
5265,1
5267,1
5268,3
5269,1
5271,5
5272,2
5273,1
5274,1
5275,3
5276,1
5277,3
5278,1
5279,1
5280,4
5281,4
5282,1
5283,1
5284,1
5285,1
5286,5
5287,2
5288,3
5289,4
5291,4
5293,2
5294,3
5295,1
5296,4
5297,1
5298,4
5299,1
5300,4
5301,4
5302,5
5303,2
5304,6
5305,4
5306,4
5307,5
5308,7
5309,5
5310,7
5311,6
5312,4
5313,4
5314,3
5315,4
5316,6
5317,8
5318,5
5319,1
5320,1
5321,3
5322,10
5323,8
5324,6
5325,3
5326,3
5327,7
5328,13
5329,12
5330,4
5331,8
5332,10
5333,11
5334,7
5335,12
5336,4
5337,7
5338,10
5339,9
5340,10
5341,11
5342,12
5343,11
5344,11
5345,10
5346,9
5347,8
5348,8
5349,14
5350,8
5351,13
5352,9
5353,10
5354,10
5355,15
5356,11
5357,10
5358,7
5359,11
5360,19
5361,13
5362,14
5363,11
5364,12
5365,16
5366,10
5367,7
5368,15
5369,13
5370,23
5371,17
5372,14
5373,12
5374,13
5375,14
5376,22
5377,9
5378,14
5379,7
5380,21
5381,11
5382,20
5383,20
5384,21
5385,19
5386,19
5387,21
5388,15
5389,28
5390,15
5391,24
5392,29
5393,19
5394,22
5395,19
5396,14
5397,26
5398,18
5399,25
5400,13
5401,21
5402,15
5403,33
5404,21
5405,15
5406,21
5407,19
5408,31
5409,30
5410,21
5411,32
5412,16
5413,32
5414,22
5415,22
5416,27
5417,15
5418,30
5419,20
5420,21
5421,20
5422,22
5423,21
5424,28
5425,16
5426,27
5427,21
5428,32
5429,43
5430,26
5431,28
5432,26
5433,26
5434,26
5435,39
5436,27
5437,24
5438,34
5439,22
5440,38
5441,19
5442,22
5443,27
5444,28
5445,28
5446,32
5447,23
5448,21
5449,24
5450,45
5451,32
5452,28
5453,28
5454,30
5455,30
5456,49
5457,27
5458,22
5459,36
5460,23
5461,44
5462,38
5463,28
5464,25
5465,31
5466,25
5467,42
5468,35
5469,31
5470,31
5471,29
5472,38
5473,27
5474,33
5475,37
5476,36
5477,40
5478,33
5479,30
5480,38
5481,28
5482,32
5483,47
5484,29
5485,46
5486,31
5487,33
5488,42
5489,32
5490,37
5491,29
5492,42
5493,38
5494,34
5495,33
5496,32
5497,38
5498,37
5499,56
5500,47
5501,31
5502,26
5503,34
5504,45
5505,42
5506,45
5507,30
5508,44
5509,53
5510,39
5511,34
5512,37
5513,31
5514,45
5515,39
5516,41
5517,41
5518,29
5519,44
5520,46
5521,35
5522,36
5523,34
5524,43
5525,27
5526,43
5527,30
5528,48
5529,49
5530,43
5531,53
5532,34
5533,32
5534,35
5535,53
5536,38
5537,40
5538,30
5539,36
5540,45
5541,43
5542,45
5543,29
5544,39
5545,43
5546,50
5547,50
5548,28
5549,50
5550,45
5551,35
5552,41
5553,38
5554,34
5555,40
5556,36
5557,63
5558,43
5559,43
5560,40
5561,37
5562,53
5563,35
5564,35
5565,41
5566,36
5567,36
5568,46
5569,28
5570,32
5571,36
5572,40
5573,48
5574,47
5575,38
5576,44
5577,40
5578,49
5579,53
5580,40
5581,49
5582,28
5583,41
5584,59
5585,39
5586,30
5587,41
5588,32
5589,43
5590,39
5591,52
5592,37
5593,33
5594,39
5595,57
5596,46
5597,34
5598,30
5599,47
5600,50
5601,46
5602,37
5603,29
5604,47
5605,51
5606,57
5607,47
5608,37
5609,37
5610,54
5611,49
5612,41
5613,36
5614,38
5615,31
5616,49
5617,46
5618,39
5619,52
5620,47
5621,42
5622,54
5623,35
5624,40
5625,45
5626,32
5627,50
5628,39
5629,37
5630,35
5631,43
5632,61
5633,42
5634,50
5635,40
5636,50
5637,61
5638,56
5639,34
5640,39
5641,47
5642,45
5643,47
5644,35
5645,50
5646,35
5647,46
5648,64
5649,50
5650,27
5651,54
5652,54
5653,55
5654,53
5655,36
5656,36
5657,47
5658,48
5659,49
5660,41
5661,46
5662,40
5663,53
5664,61
5665,43
5666,36
5667,43
5668,33
5669,47
5670,47
5671,45
5672,37
5673,55
5674,39
5675,55
5676,51
5677,45
5678,48
5679,34
5680,43
5681,47
5682,40
5683,47
5684,40
5685,47
5686,40
5687,48
5688,59
5689,39
5690,42
5691,56
5692,50
5693,36
5694,33
5695,62
5696,55
5697,39
5698,35
5699,47
5700,52
5701,58
5702,52
5703,43
5704,36
5705,45
5706,44
5707,54
5708,37
5709,44
5710,41
5711,40
5712,48
5713,50
5714,43
5715,25
5716,36
5717,47
5718,41
5719,44
5720,47
5721,41
5722,55
5723,67
5724,41
5725,40
5726,58
5727,51
5728,62
5729,44
5730,36
5731,33
5732,41
5733,62
5734,44
5735,48
5736,46
5737,52
5738,35
5739,49
5740,30
5741,45
5742,43
5743,46
5744,60
5745,56
5746,42
5747,54
5748,44
5749,58
5750,53
5751,42
5752,45
5753,41
5754,45
5755,52
5756,45
5757,37
5758,33
5759,52
5760,53
5761,46
5762,42
5763,43
5764,46
5765,34
5766,57
5767,49
5768,37
5769,37
5770,44
5771,49
5772,32
5773,43
5774,39
5775,45
5776,58
5777,45
5778,43
5779,42
5780,50
5781,42
5782,45
5783,57
5784,42
5785,50
5786,52
5787,49
5788,38
5789,53
5790,49
5791,44
5792,53
5793,45
5794,50
5795,31
5796,46
5797,43
5798,48
5799,40
5800,45
5801,56
5802,47
5803,57
5804,41
5805,31
5806,41
5807,52
5808,51
5809,39
5810,39
5811,50
5812,45
5813,52
5814,49
5815,34
5816,39
5817,42
5818,37
5819,54
5820,40
5821,26
5822,35
5823,46
5824,55
5825,50
5826,47
5827,42
5828,41
5829,52
5830,49
5831,36
5832,25
5833,53
5834,45
5835,53
5836,36
5837,42
5838,45
5839,45
5840,63
5841,40
5842,39
5843,40
5844,45
5845,48
5846,35
5847,44
5848,35
5849,46
5850,54
5851,39
5852,39
5853,49
5854,33
5855,43
5856,61
5857,35
5858,43
5859,37
5860,30
5861,58
5862,47
5863,41
5864,50
5865,43
5866,47
5867,45
5868,42
5869,46
5870,44
5871,43
5872,50
5873,42
5874,36
5875,33
5876,49
5877,48
5878,34
5879,49
5880,45
5881,39
5882,38
5883,38
5884,41
5885,44
5886,52
5887,41
5888,68
5889,37
5890,37
5891,33
5892,45
5893,50
5894,46
5895,41
5896,46
5897,45
5898,51
5899,68
5900,40
5901,42
5902,51
5903,47
5904,52
5905,35
5906,46
5907,30
5908,43
5909,46
5910,53
5911,51
5912,29
5913,51
5914,45
5915,49
5916,39
5917,37
5918,47
5919,36
5920,58
5921,53
5922,45
5923,37
5924,47
5925,52
5926,49
5927,42
5928,43
5929,41
5930,42
5931,50
5932,48
5933,45
5934,42
5935,43
5936,50
5937,38
5938,35
5939,45
5940,33
5941,41
5942,49
5943,36
5944,49
5945,39
5946,51
5947,54
5948,36
5949,41
5950,44
5951,50
5952,57
5953,34
5954,47
5955,41
5956,48
5957,43
5958,52
5959,51
5960,49
5961,46
5962,55
5963,53
5964,44
5965,46
5966,39
5967,45
5968,67
5969,38
5970,31
5971,41
5972,45
5973,43
5974,45
5975,41
5976,46
5977,49
5978,45
5979,63
5980,39
5981,47
5982,45
5983,41
5984,63
5985,43
5986,40
5987,37
5988,34
5989,50
5990,50
5991,50
5992,51
5993,48
5994,38
5995,47
5996,52
5997,53
5998,45
5999,37
6000,54
6001,58
6002,38
6003,53
6004,48
6005,59
6006,42
6007,60
6008,56
6009,48
6010,49
6011,55
6012,44
6013,44
6014,54
6015,48
6016,52
6017,52
6018,40
6019,40
6020,36
6021,56
6022,45
6023,48
6024,48
6025,48
6026,38
6027,63
6028,40
6029,47
6030,43
6031,36
6032,59
6033,48
6034,36
6035,46
6036,48
6037,57
6038,44
6039,51
6040,50
6041,36
6042,50
6043,51
6044,44
6045,43
6046,43
6047,33
6048,48
6049,44
6050,57
6051,48
6052,45
6053,52
6054,44
6055,53
6056,45
6057,44
6058,59
6059,65
6060,51
6061,35
6062,40
6063,48
6064,67
6065,52
6066,54
6067,46
6068,52
6069,58
6070,51
6071,47
6072,32
6073,58
6074,61
6075,51
6076,46
6077,45
6078,35
6079,57
6080,64
6081,48
6082,51
6083,42
6084,46
6085,49
6086,36
6087,53
6088,45
6089,45
6090,56
6091,56
6092,48
6093,47
6094,47
6095,37
6096,48
6097,59
6098,38
6099,48
6100,47
6101,60
6102,64
6103,42
6104,44
6105,33
6106,57
6107,56
6108,50
6109,55
6110,51
6111,59
6112,56
6113,53
6114,38
6115,60
6116,69
6117,58
6118,50
6119,60
6120,50
6121,51
6122,62
6123,62
6124,54
6125,40
6126,62
6127,53
6128,55
6129,45
6130,66
6131,48
6132,55
6133,72
6134,38
6135,49
6136,54
6137,48
6138,68
6139,56
6140,58
6141,47
6142,69
6143,59
6144,79
6145,53
6146,51
6147,41
6148,43
6149,49
6150,70
6151,59
6152,57
6153,51
6154,51
6155,53
6156,59
6157,53
6158,52
6159,52
6160,63
6161,55
6162,58
6163,44
6164,50
6165,75
6166,61
6167,71
6168,57
6169,45
6170,59
6171,66
6172,60
6173,46
6174,43
6175,56
6176,73
6177,46
6178,57
6179,60
6180,53
6181,55
6182,70
6183,57
6184,46
6185,48
6186,64
6187,56
6188,51
6189,53
6190,59
6191,50
6192,77
6193,56
6194,60
6195,48
6196,67
6197,60
6198,47
6199,61
6200,53
6201,52
6202,74
6203,74
6204,54
6205,47
6206,47
6207,76
6208,61
6209,46
6210,55
6211,51
6212,49
6213,65
6214,53
6215,60
6216,52
6217,61
6218,71
6219,66
6220,43
6221,66
6222,53
6223,54
6224,79
6225,55
6226,52
6227,58
6228,54
6229,65
6230,69
6231,52
6232,50
6233,57
6234,53
6235,76
6236,48
6237,50
6238,44
6239,63
6240,64
6241,52
6242,64
6243,52
6244,60
6245,54
6246,82
6247,62
6248,50
6249,59
6250,59
6251,68
6252,48
6253,59
6254,55
6255,53
6256,65
6257,45
6258,44
6259,54
6260,59
6261,79
6262,62
6263,43
6264,58
6265,44
6266,62
6267,64
6268,54
6269,44
6270,67
6271,54
6272,76
6273,48
6274,53
6275,61
6276,59
6277,70
6278,52
6279,52
6280,42
6281,46
6282,61
6283,60
6284,52
6285,52
6286,56
6287,61
6288,81
6289,64
6290,52
6291,49
6292,48
6293,67
6294,61
6295,50
6296,51
6297,64
6298,58
6299,64
6300,49
6301,53
6302,42
6303,43
6304,65
6305,45
6306,49
6307,44
6308,54
6309,59
6310,57
6311,47
6312,51
6313,48
6314,64
6315,62
6316,44
6317,47
6318,42
6319,52
6320,52
6321,48
6322,45
6323,60
6324,50
6325,58
6326,63
6327,49
6328,50
6329,46
6330,52
6331,53
6332,51
6333,53
6334,46
6335,48
6336,67
6337,44
6338,59
6339,55
6340,60
6341,64
6342,57
6343,45
6344,61
6345,51
6346,58
6347,62
6348,54
6349,38
6350,41
6351,69
6352,66
6353,42
6354,62
6355,39
6356,45
6357,68
6358,54
6359,55
6360,50
6361,51
6362,54
6363,64
6364,40
6365,58
6366,51
6367,56
6368,58
6369,51
6370,51
6371,42
6372,55
6373,48
6374,51
6375,40
6376,42
6377,35
6378,51
6379,50
6380,52
6381,38
6382,46
6383,41
6384,53
6385,43
6386,49
6387,38
6388,52
6389,63
6390,47
6391,42
6392,44
6393,42
6394,42
6395,42
6396,59
6397,39
6398,54
6399,31
6400,56
6401,42
6402,44
6403,38
6404,33
6405,49
6406,48
6407,41
6408,31
6409,40
6410,38
6411,52
6412,41
6413,39
6414,38
6415,36
6416,78
6417,41
6418,34
6419,43
6420,24
6421,46
6422,37
6423,30
6424,46
6425,27
6426,41
6427,43
6428,44
6429,48
6430,31
6431,44
6432,58
6433,25
6434,34
6435,35
6436,47
6437,32
6438,47
6439,30
6440,34
6441,30
6442,43
6443,43
6444,34
6445,21
6446,31
6447,28
6448,43
6449,27
6450,42
6451,32
6452,35
6453,33
6454,47
6455,35
6456,33
6457,29
6458,44
6459,48
6460,24
6461,34
6462,29
6463,27
6464,42
6465,26
6466,45
6467,23
6468,27
6469,35
6470,21
6471,26
6472,24
6473,41
6474,36
6475,29
6476,37
6477,31
6478,25
6479,29
6480,36
6481,24
6482,30
6483,22
6484,26
6485,33
6486,32
6487,27
6488,29
6489,21
6490,28
6491,33
6492,29
6493,24
6494,17
6495,20
6496,44
6497,19
6498,33
6499,22
6500,27
6501,31
6502,22
6503,26
6504,26
6505,21
6506,16
6507,32
6508,27
6509,26
6510,23
6511,22
6512,18
6513,16
6514,17
6515,29
6516,27
6517,28
6518,32
6519,23
6520,20
6521,18
6522,27
6523,24
6524,21
6525,20
6526,19
6527,27
6528,24
6529,26
6530,17
6531,18
6532,21
6533,29
6534,20
6535,19
6536,20
6537,20
6538,12
6539,32
6540,16
6541,22
6542,27
6543,21
6544,28
6545,24
6546,23
6547,18
6548,21
6549,20
6550,22
6551,20
6552,19
6553,18
6554,28
6555,21
6556,19
6557,17
6558,22
6559,21
6560,17
6561,20
6562,13
6563,18
6564,18
6565,25
6566,23
6567,22
6568,19
6569,13
6570,20
6571,22
6572,13
6573,21
6574,18
6575,12
6576,14
6577,13
6578,23
6579,19
6580,22
6581,18
6582,24
6583,22
6584,21
6585,13
6586,20
6587,17
6588,22
6589,23
6590,22
6591,23
6592,10
6593,15
6594,21
6595,20
6596,16
6597,16
6598,20
6599,17
6600,14
6601,17
6602,16
6603,21
6604,20
6605,7
6606,20
6607,15
6608,16
6609,13
6610,15
6611,18
6612,20
6613,14
6614,19
6615,18
6616,20
6617,20
6618,21
6619,18
6620,20
6621,14
6622,23
6623,24
6624,21
6625,21
6626,24
6627,22
6628,16
6629,19
6630,20
6631,21
6632,7
6633,15
6634,22
6635,26
6636,22
6637,16
6638,21
6639,15
6640,23
6641,27
6642,16
6643,24
6644,17
6645,17
6646,18
6647,20
6648,14
6649,16
6650,20
6651,18
6652,22
6653,12
6654,8
6655,21
6656,17
6657,18
6658,13
6659,17
6660,12
6661,20
6662,16
6663,12
6664,13
6665,14
6666,10
6667,27
6668,14
6669,19
6670,15
6671,19
6672,21
6673,16
6674,25
6675,22
6676,15
6677,22
6678,24
6679,15
6680,13
6681,13
6682,13
6683,18
6684,21
6685,19
6686,16
6687,14
6688,25
6689,12
6690,15
6691,14
6692,12
6693,20
6694,22
6695,13
6696,20
6697,15
6698,11
6699,29
6700,14
6701,16
6702,23
6703,11
6704,14
6705,17
6706,15
6707,15
6708,12
6709,18
6710,20
6711,14
6712,13
6713,12
6714,8
6715,26
6716,18
6717,10
6718,14
6719,17
6720,20
6721,13
6722,16
6723,18
6724,17
6725,19
6726,19
6727,15
6728,13
6729,17
6730,18
6731,22
6732,13
6733,23
6734,7
6735,16
6736,18
6737,16
6738,20
6739,20
6740,13
6741,17
6742,6
6743,15
6744,22
6745,14
6746,13
6747,19
6748,19
6749,20
6750,9
6751,17
6752,16
6753,18
6754,12
6755,14
6756,15
6757,14
6758,18
6759,14
6760,25
6761,15
6762,18
6763,16
6764,11
6765,9
6766,13
6767,12
6768,13
6769,6
6770,16
6771,11
6772,20
6773,20
6774,20
6775,12
6776,15
6777,19
6778,21
6779,16
6780,14
6781,17
6782,22
6783,14
6784,22
6785,12
6786,13
6787,17
6788,13
6789,18
6790,20
6791,11
6792,14
6793,16
6794,18
6795,19
6796,11
6797,22
6798,17
6799,18
6800,20
6801,5
6802,13
6803,18
6804,17
6805,18
6806,17
6807,17
6808,9
6809,21
6810,14
6811,19
6812,17
6813,14
6814,20
6815,16
6816,23
6817,10
6818,16
6819,17
6820,19
6821,14
6822,13
6823,17
6824,14
6825,11
6826,18
6827,23
6828,14
6829,16
6830,10
6831,18
6832,22
6833,11
6834,8
6835,19
6836,14
6837,15
6838,14
6839,15
6840,19
6841,15
6842,20
6843,13
6844,8
6845,14
6846,18
6847,14
6848,17
6849,11
6850,11
6851,27
6852,14
6853,20
6854,16
6855,11
6856,17
6857,23
6858,13
6859,18
6860,22
6861,17
6862,9
6863,16
6864,14
6865,9
6866,11
6867,14
6868,9
6869,17
6870,11
6871,12
6872,20
6873,19
6874,23
6875,17
6876,13
6877,19
6878,20
6879,12
6880,17
6881,17
6882,11
6883,16
6884,13
6885,19
6886,26
6887,9
6888,10
6889,9
6890,17
6891,30
6892,26
6893,14
6894,21
6895,11
6896,19
6897,11
6898,14
6899,12
6900,17
6901,13
6902,18
6903,19
6904,20
6905,17
6906,19
6907,11
6908,13
6909,20
6910,15
6911,13
6912,24
6913,6
6914,16
6915,15
6916,12
6917,20
6918,22
6919,19
6920,12
6921,18
6922,14
6923,11
6924,13
6925,14
6926,15
6927,16
6928,21
6929,9
6930,11
6931,15
6932,13
6933,11
6934,19
6935,16
6936,12
6937,17
6938,27
6939,9
6940,15
6941,15
6942,13
6943,17
6944,15
6945,14
6946,7
6947,16
6948,11
6949,12
6950,17
6951,10
6952,11
6953,9
6954,14
6955,17
6956,12
6957,12
6958,8
6959,13
6960,14
6961,20
6962,12
6963,18
6964,10
6965,14
6966,13
6967,14
6968,10
6969,11
6970,19
6971,14
6972,16
6973,14
6974,13
6975,14
6976,15
6977,13
6978,14
6979,20
6980,18
6981,22
6982,11
6983,15
6984,17
6985,17
6986,13
6987,15
6988,14
6989,15
6990,15
6991,16
6992,24
6993,11
6994,16
6995,13
6996,3
6997,20
6998,23
6999,16
7000,19
7001,14
7002,8
7003,15
7004,15
7005,14
7006,8
7007,16
7008,8
7009,18
7010,19
7011,21
7012,10
7013,10
7014,16
7015,19
7016,11
7017,14
7018,17
7019,16
7020,11
7021,17
7022,12
7023,16
7024,21
7025,13
7026,11
7027,16
7028,17
7029,15
7030,19
7031,18
7032,11
7033,19
7034,11
7035,12
7036,11
7037,9
7038,12
7039,14
7040,21
7041,17
7042,17
7043,16
7044,14
7045,16
7046,15
7047,16
7048,8
7049,15
7050,15
7051,15
7052,15
7053,7
7054,17
7055,14
7056,14
7057,15
7058,6
7059,11
7060,18
7061,17
7062,14
7063,8
7064,14
7065,14
7066,18
7067,15
7068,16
7069,15
7070,17
7071,11
7072,21
7073,15
7074,11
7075,13
7076,12
7077,20
7078,13
7079,14
7080,8
7081,11
7082,13
7083,11
7084,18
7085,13
7086,16
7087,8
7088,10
7089,18
7090,15
7091,11
7092,10
7093,13
7094,17
7095,13
7096,4
7097,10
7098,11
7099,11
7100,8
7101,14
7102,18
7103,15
7104,13
7105,15
7106,10
7107,9
7108,6
7109,17
7110,11
7111,13
7112,7
7113,11
7114,14
7115,18
7116,13
7117,5
7118,18
7119,12
7120,16
7121,5
7122,9
7123,4
7124,11
7125,14
7126,18
7127,9
7128,13
7129,6
7130,11
7131,9
7132,7
7133,9
7134,9
7135,5
7136,14
7137,11
7138,12
7139,7
7140,7
7141,11
7142,9
7143,11
7144,4
7145,13
7146,9
7147,10
7148,8
7149,10
7150,10
7151,12
7152,14
7153,7
7154,9
7155,6
7156,13
7157,8
7158,9
7159,4
7160,4
7161,3
7162,6
7163,10
7164,7
7165,11
7166,6
7167,6
7168,11
7169,9
7170,6
7171,13
7172,8
7173,13
7174,11
7175,6
7176,10
7177,5
7178,6
7179,9
7180,12
7181,5
7182,7
7183,9
7184,7
7185,8
7186,6
7187,9
7188,6
7189,9
7190,8
7191,7
7192,2
7193,3
7194,5
7195,6
7196,2
7197,9
7198,9
7199,7
7200,4
7201,11
7202,4
7203,7
7204,1
7205,8
7206,4
7207,5
7208,3
7209,6
7210,5
7211,2
7212,1
7213,5
7214,6
7215,6
7216,3
7217,7
7218,1
7219,6
7220,8
7221,4
7222,5
7223,4
7224,3
7225,3
7226,5
7227,5
7228,3
7229,4
7230,1
7231,5
7232,7
7233,4
7234,2
7235,4
7236,2
7237,5
7238,6
7239,7
7240,4
7241,8
7242,5
7243,6
7244,8
7245,5
7246,5
7247,3
7248,3
7249,1
7250,2
7251,6
7252,10
7253,10
7254,3
7255,1
7256,7
7257,6
7258,5
7259,5
7260,4
7261,6
7262,3
7263,3
7264,3
7265,2
7266,3
7267,4
7268,2
7269,5
7270,5
7271,4
7272,4
7273,1
7274,2
7275,4
7276,4
7277,4
7278,2
7279,3
7280,3
7281,4
7282,3
7283,4
7284,1
7285,7
7286,4
7287,3
7288,8
7290,3
7291,4
7293,2
7294,4
7295,1
7296,1
7297,6
7298,2
7299,4
7300,4
7301,7
7302,6
7303,6
7304,7
7305,3
7306,1
7307,2
7308,8
7309,4
7310,2
7311,3
7312,2
7313,5
7314,1
7315,2
7317,3
7318,3
7319,3
7320,4
7321,3
7322,2
7323,1
7324,6
7325,3
7326,1
7327,4
7328,2
7329,2
7330,3
7331,4
7332,4
7333,4
7334,1
7335,3
7336,2
7337,1
7338,3
7339,2
7340,1
7341,3
7342,4
7343,6
7344,3
7345,3
7346,1
7347,3
7348,3
7349,8
7350,3
7351,2
7352,2
7353,3
7354,5
7355,3
7356,2
7357,3
7358,2
7359,4
7360,4
7361,4
7362,4
7363,5
7364,3
7365,5
7366,2
7368,8
7370,2
7371,3
7372,5
7373,2
7374,5
7375,2
7377,4
7378,3
7379,2
7380,4
7381,3
7382,2
7383,3
7384,3
7385,1
7386,1
7387,3
7388,3
7389,3
7390,1
7391,3
7392,4
7394,2
7395,1
7396,3
7397,3
7399,1
7400,1
7401,1
7402,1
7403,5
7405,3
7406,3
7407,2
7408,2
7409,5
7410,1
7411,2
7413,7
7414,1
7415,4
7417,1
7418,1
7419,3
7420,2
7421,2
7422,5
7423,2
7424,3
7425,1
7426,2
7427,5
7428,1
7429,2
7430,2
7431,1
7432,1
7433,1
7434,3
7435,3
7436,5
7437,3
7438,2
7439,3
7440,6
7441,2
7442,2
7443,3
7445,3
7446,2
7447,3
7448,2
7449,3
7450,3
7451,3
7452,2
7453,1
7454,2
7455,1
7456,1
7457,3
7458,5
7459,1
7460,3
7461,4
7462,3
7463,1
7464,3
7465,2
7466,2
7468,3
7469,1
7470,3
7472,2
7473,2
7474,3
7475,2
7477,4
7478,2
7479,1
7480,1
7481,4
7482,3
7483,1
7484,1
7485,3
7487,1
7488,5
7489,2
7490,3
7491,1
7492,1
7494,1
7497,2
7498,3
7499,3
7501,2
7502,1
7503,2
7504,1
7506,3
7507,2
7508,2
7509,1
7511,3
7512,2
7513,1
7514,3
7515,2
7516,2
7517,1
7518,1
7520,5
7521,3
7522,1
7523,1
7525,3
7527,2
7529,3
7530,2
7531,1
7533,1
7534,1
7536,3
7538,2
7540,2
7541,1
7542,1
7543,2
7545,2
7546,2
7547,1
7549,1
7550,1
7551,1
7552,1
7553,1
7554,2
7555,1
7556,1
7557,2
7558,2
7559,3
7561,1
7562,2
7563,1
7564,2
7566,4
7567,4
7568,2
7569,2
7571,1
7574,2
7575,1
7577,1
7578,2
7580,1
7581,1
7583,2
7584,1
7586,1
7587,1
7588,1
7589,2
7591,2
7592,2
7594,2
7595,2
7596,1
7597,1
7598,1
7599,1
7600,2
7603,1
7604,2
7605,3
7608,1
7610,1
7611,1
7614,2
7617,1
7618,4
7619,1
7621,1
7622,2
7624,3
7625,1
7626,1
7629,1
7630,2
7631,2
7633,2
7635,1
7637,5
7639,3
7640,1
7642,1
7646,1
7647,1
7651,1
7654,2
7655,1
7659,1
7663,2
7664,1
7665,1
7666,1
7669,2
7677,2
7689,1
7690,1
7691,1
7696,1
7705,1
7710,1
7714,1
7716,1
7720,1
7723,1
7727,1
7731,1
7739,1
7749,1
7750,1
7759,2
7764,1
7774,1
7776,2
7781,1
7787,1
7790,1
7791,1
7793,2
7796,1
7797,1
7807,1
7808,1
7809,1
7819,1
7826,1
7832,1
7836,1
7838,1
7844,3
7845,1
7846,1
7853,2
7861,1
7862,1
7863,1
7873,1
7888,2
7894,1
7904,1
7906,2
7917,1
7922,1
7925,1
7931,1
7934,1
7937,1
7943,1
7965,1
7974,1
7986,1
8000,1
8001,1
8010,1
8013,1
8018,2
8019,1
8021,1
8035,1
8038,1
8041,1
8059,1
8060,1
8067,1
8074,1
8091,1
8103,1
8107,1
8108,2
8110,1
8113,1
8114,1
8116,1
8120,1
8123,2
8126,1
8128,1
8151,1
8153,1
8156,1
8163,1
8172,1
8195,1
8204,1
8219,1
8223,1
8233,1
8238,1
8241,1
8247,1
8255,1
8264,1
8266,1
8281,1
8292,1
8307,1
8313,1
8315,1
8323,1
8324,1
8331,2
8338,1
8342,1
8364,1
8369,2
8370,1
8383,1
8386,1
8389,1
8397,1
8398,1
8412,1
8431,1
8432,2
8445,1
8455,1
8461,2
8468,2
8470,1
8478,1
8480,1
8486,1
8512,2
8522,1
8542,1
8562,2
8565,1
8577,1
8582,1
8586,1
8591,1
8595,1
8610,2
8611,1
8612,1
8615,1
8625,1
8631,1
8648,1
8656,1
8664,1
8669,1
8685,1
8689,1
8701,1
8709,1
8711,1
8715,1
8726,1
8729,1
8745,1
8747,1
8754,1
8760,1
8763,1
8788,1
8794,1
8798,1
8803,1
8820,1
8824,1
8831,1
8843,2
8844,1
8854,1
8860,1
8863,1
8869,1
8884,1
8896,1
8901,2
8906,2
8922,1
8924,1
8946,1
8955,1
8956,1
8960,1
8968,1
8975,1
8976,1
8982,1
8984,1
8985,2
8989,1
9005,1
9020,1
9030,1
9037,1
9049,1
9052,1
9059,1
9070,1
9074,1
9079,2
9093,1
9094,1
9095,1
9100,1
9102,1
9103,1
9106,1
9113,1
9115,1
9119,1
9124,1
9127,1
9134,1
9135,1
9139,1
9143,1
9151,1
9159,1
9161,1
9186,1
9213,1
9216,1
9231,1
9233,1
9242,1
9244,1
9248,1
9251,1
9258,1
9259,1
9260,1
9268,1
9275,1
9276,1
9281,1
9282,1
9283,1
9285,1
9292,1
9296,1
9305,1
9321,1
9341,1
9344,1
9345,1
9349,1
9357,1
9366,2
9370,2
9377,1
9378,1
9382,1
9385,1
9387,1
9392,1
9398,1
9406,1
9435,1
9436,1
9445,1
9456,2
9466,1
9470,1
9489,1
9491,1
9492,1
9494,1
9503,1
9506,1
9528,1
9529,1
9537,1
9547,1
9552,1
9556,1
9557,1
9560,1
9567,1
9572,1
9578,1
9583,1
9585,1
9590,1
9606,1
9607,1
9614,1
9615,1
9619,1
9641,1
9642,1
9669,3
9671,1
9674,1
9680,1
9685,1
9689,1
9699,1
9700,1
9703,1
9706,1
9711,1
9716,2
9737,2
9764,2
9771,1
9780,1
9783,1
9797,1
9799,1
9807,2
9817,1
9820,1
9826,1
9827,1
9831,2
9836,2
9838,2
9852,1
9857,1
9862,1
9868,1
9874,1
9878,1
9890,1
9896,1
9901,1
9908,1
9909,1
9910,1
9914,1
9924,1
9928,1
9933,1
9937,1
9945,1
9946,1
9949,1
9959,1
9965,1
9974,1
9976,1
9993,1
9995,1
9997,1
10000,1
10005,1
10013,1
10037,1
10039,1
10047,2
10061,1
10089,1
10096,1
10102,1
10108,1
10111,1
10112,1
10122,1
10128,1
10130,1
10138,1
10148,1
10152,1
10156,1
10187,1
10196,1
10201,1
10206,1
10211,1
10220,1
10225,1
10230,1
10233,1
10236,1
10237,1
10238,1
10244,1
10248,1
10251,1
10254,1
10257,1
10269,1
10279,1
10280,1
10283,1
10286,1
10293,1
10309,1
10311,1
10330,1
10333,1
10334,1
10350,1
10358,1
10366,1
10380,1
10404,1
10409,1
10417,1
10433,1
10437,1
10446,1
10459,1
10467,1
10488,1
10496,1
10508,1
10523,1
10528,1
10539,1
10560,1
10572,2
10577,1
10582,1
10609,1
10611,1
10623,1
10630,1
10650,1
10657,1
10661,1
10669,1
10687,1
10695,1
10698,1
10700,1
10703,1
10704,1
10712,1
10725,1
10729,1
10737,1
10753,1
10757,1
10758,1
10764,1
10802,1
10803,1
10805,1
10821,1
10827,1
10828,1
10847,1
10854,1
10860,1
10864,1
10869,1
10883,1
10889,1
10892,1
10902,1
10907,2
10940,1
10953,1
10958,1
10966,1
10971,1
10976,1
10978,2
10984,1
10989,1
10997,1
11010,1
11011,2
11013,1
11041,1
11063,1
11074,1
11075,1
11098,1
11101,1
11108,1
11121,1
11128,1
11135,1
11139,1
11147,1
11159,1
11167,1
11171,1
11184,1
11189,1
11227,1
11274,1
11277,1
11279,1
11295,1
11308,1
11319,1
11322,1
11326,1
11336,1
11339,1
11349,1
11356,1
11405,1
11406,1
11419,1
11440,1
11462,1
11464,1
11487,1
11489,1
11504,1
11517,1
11533,1
11534,1
11537,1
11586,1
11587,1
11589,1
11595,1
11602,1
11609,1
11646,1
11653,1
11659,1
11680,1
11683,1
11722,1
11727,1
11735,1
11767,1
11769,1
11802,1
11807,1
11822,1
11833,1
11845,1
11846,1
11864,1
11869,1
11870,1
11919,2
11920,1
11929,1
11933,1
11954,1
11957,1
11964,1
11967,1
11979,1
11981,1
12040,1
12060,1
12064,1
12071,1
12092,1
12133,1
12137,1
12139,1
12149,1
12154,2
12182,1
12189,1
12216,1
12237,1
12243,1
12247,1
12251,1
12253,1
12286,1
12306,1
12308,1
12310,1
12312,1
12315,1
12317,1
12362,1
12369,1
12382,1
12394,1
12429,2
12438,1
12443,1
12480,1
12482,1
12511,1
12529,1
12530,1
12538,1
12546,1
12555,1
12567,1
12573,1
12574,1
12609,1
12611,1
12627,1
12637,1
12655,1
12664,1
12673,1
12732,1
12762,1
12781,1
12790,1
12813,1
12819,1
12821,1
12838,1
12841,1
12845,1
12848,1
12871,1
12906,1
12936,1
12937,1
12976,1
12978,1
12983,1
13003,1
13024,1
13030,1
13037,1
13050,1
13085,1
13149,1
13178,1
13188,1
13197,1
13200,1
13201,1
13242,1
13277,1
13285,1
13296,1
13300,1
13331,1
13341,1
13381,1
13384,1
13392,1
13435,1
13467,1
13494,1
13505,1
13517,1
13525,1
13540,1
13546,1
13569,1
13575,1
13584,1
13603,1
13607,1
13613,1
13645,1
13660,1
13679,1
13680,1
13683,1
13687,1
13719,1
13739,1
13782,1
13797,1
13799,1
13801,1
13836,1
13843,1
13856,1
13868,1
13886,1
13913,1
13934,1
13943,1
13945,1
13990,1
14035,1
14059,1
14079,1
14100,1
14122,1
14127,1
14147,1
14148,1
14180,1
14185,1
14192,1
14199,1
14214,1
14218,1
14226,2
14228,1
14236,1
14238,1
14242,1
14244,1
14245,1
14272,1
14273,1
14283,1
14299,1
14331,1
14338,1
14345,1
14352,1
14555,1
14557,1
14564,1
14576,1
14581,1
14584,1
14586,1
14588,1
14608,1
14610,1
14635,1
14646,1
14650,1
14666,1
14668,1
14685,1
14708,1
14721,1
14732,1
14747,1
14749,1
14779,1
14811,1
14824,1
14838,1
14862,1
14863,1
14865,1
14891,1
14914,1
14919,1
14956,1
14973,1
14975,1
14979,1
14987,1
15005,1
15043,1
15077,1
15082,1
15121,1
15150,1
15227,1
15379,1
15410,1
15447,1
15488,1
15500,2
15514,2
15517,1
15537,1
15554,1
15606,1
15625,1
15629,1
15673,1
15720,1
15727,1
15799,1
15878,1
15892,1
15953,1
15968,1
16003,1
16007,1
16149,1
16182,1
16454,1
16515,1
16587,1
16608,1
16673,1
16781,1
17018,1
17119,1
17165,1
17313,1
17352,1
17514,1
17554,1
17635,1
17636,1
17750,1
17821,1
17825,1
17946,1
17989,1
18211,1
18243,1
18258,1
18371,1
18468,1
18766,1
18824,1
18943,1
19022,1
19050,1
19062,1
19075,2
19854,1
20266,1
20268,1
20716,1
20802,1
21777,1
22903,1
22919,1
23506,1
23695,1
23764,1
23842,1
24556,1
24651,1
27606,1
28065,1
28534,1
30910,1
33877,1
35510,1
39568,1
49408,1
52116,1
57597,1
66621,1
75021,1
89851,1
93184,1
99942,1
103584,1
106711,1
118968,1
140582,1
142692,1
145105,1
160930,1
172790,1
175841,1
251587,1
254849,1
271246,1
