5170873,1
5437530,1
5540192,1
5566265,1
5571328,1
5580224,1
5581017,1
5581414,1
5582535,1
5599878,1
5601299,1
5602867,1
5605139,1
5605357,1
5606892,1
5608345,1
5608633,1
5612819,1
5613754,1
5614547,1
5615641,1
5617248,1
5618477,1
5622483,1
5623085,1
5623386,1
5625318,1
5628231,1
5635999,1
5637120,1
5637479,1
5638835,1
5638905,1
5638937,1
5639993,1
5643206,1
5644807,1
5644921,1
5648204,1
5649036,1
5652185,1
5653843,1
5656512,1
5660108,1
5660294,1
5663021,1
5668505,1
5668576,1
5669158,1
5670457,1
5670995,1
5671897,1
5673574,1
5679635,1
5680025,1
5685791,1
5685824,1
5688063,1
5689875,1
5690060,1
5690349,1
5690540,1
5690771,1
5697446,1
5706170,1
5710719,1
5719904,1
5726092,1
5729325,1
5729542,1
5729773,1
5733971,1
5737978,1
5739987,1
5740992,1
5750854,1
5756697,1
5770458,1
5771955,1
5778304,1
5779238,1
5779603,1
5795629,1
5797587,1
5800191,1
5800761,1
5801869,1
5839898,1
5907705,1
5918566,1
5919942,1
5923245,1
5926905,1
5928851,1
5930323,1
5934823,1
5936384,1
5938182,1
5940864,1
5941926,1
5943559,1
5944806,1
5945043,1
5945274,1
5946119,1
5948492,1
5948973,1
5949222,1
5950701,1
5955027,1
5959872,1
5960089,1
5960269,1
5961523,1
5962291,1
5962899,1
5963257,1
5963411,1
5964045,1
5964973,1
5966508,1
5966752,1
5967296,1
5968141,1
5968780,1
5968871,1
5969561,1
5969964,1
5972224,1
5972512,1
5973503,1
5973811,1
5974624,1
5975386,1
5976486,1
5976633,1
5976678,1
5977292,1
5978599,1
5979174,1
5979520,1
5980032,1
5980231,1
5980346,1
5980518,1
5981472,1
5981792,1
5981914,1
5981932,1
5982797,1
5982950,1
5983219,1
5984262,1
5984575,1
5984928,1
5985145,1
5985439,1
5985824,1
5986586,1
5987686,1
5987891,1
5988249,1
5988966,1
5989484,1
5990042,1
5990387,1
5991232,1
5991289,1
5991334,1
5991770,1
5993005,1
5993645,1
5993824,1
5995084,1
5995494,1
5996653,1
5996953,1
5997004,1
5997126,1
5997568,1
5997709,1
5998080,1
5998285,1
5998566,1
5998924,1
6000762,1
6001075,1
6001690,1
6001798,1
6002406,1
6002655,1
6003180,1
6003206,1
6004038,1
6004666,1
6005683,1
6006375,1
6006387,1
6006816,1
6006879,1
6007277,1
6007430,1
6008556,1
6009203,1
6009478,1
6009952,1
6010650,1
6011443,1
6011769,1
6011968,1
6012473,1
6012589,1
6012595,1
6012601,1
6015398,1
6015898,1
6015987,1
6016140,1
6016192,1
6016224,1
6017606,1
6018208,1
6019116,1
6019667,1
6020524,1
6022483,1
6023072,1
6023168,1
6023775,1
6024646,1
6026272,1
6026623,1
6027251,1
6027661,1
6027750,1
6027865,1
6027891,1
6028787,1
6028806,1
6029555,1
6029811,1
6030111,1
6030349,1
6030906,1
6030950,1
6031335,1
6031468,1
6031852,1
6032109,1
6032646,1
6033100,1
6033139,1
6035175,1
6035206,1
6035290,1
6035539,1
6036845,1
6037023,1
6038233,1
6038394,1
6038464,1
6040339,1
6040967,1
6042124,1
6042169,1
6042387,1
6042765,1
6043117,1
6043296,1
6043680,1
6043801,1
6045036,1
6045401,1
6045548,1
6045606,1
6045696,1
6045728,1
6046297,1
6049510,1
6049555,1
6050022,1
6050112,1
6051097,1
6052550,1
6052640,1
6053715,1
6055142,1
6055673,1
6055910,1
6056409,1
6056557,1
6056710,1
6057536,1
6058752,1
6059437,1
6059859,1
6060057,1
6060909,1
6061017,1
6061043,1
6061689,1
6062425,1
6062451,1
6062528,1
6062912,1
6063194,1
6063264,1
6064128,1
6064275,1
6064435,1
6064999,1
6065946,1
6066080,1
6066285,1
6066732,1
6067385,1
6067866,1
6068019,1
6068070,1
6068979,1
6069255,1
6069779,1
6071827,1
6071891,1
6072000,1
6073031,1
6075277,1
6075302,1
6075487,1
6076096,1
6076191,1
6076301,1
6076678,1
6076723,1
6077132,1
6077222,1
6077958,1
6079244,1
6079501,1
6079725,1
6081728,1
6082303,1
6082394,1
6083104,1
6084768,1
6084838,1
6084979,1
6088774,1
6089005,1
6089235,2
6090298,1
6090823,1
6091001,1
6092057,1
6092172,1
6092185,1
6092589,1
6092909,1
6093031,1
6093228,1
6094055,1
6094323,1
6094509,1
6095418,1
6096275,1
6096967,1
6097114,1
6097619,1
6098502,1
6098572,1
6098828,1
6099245,1
6099264,1
6100448,1
6100544,1
6100864,1
6100991,1
6101312,1
6101561,1
6102131,1
6102663,1
6103641,1
6104505,1
6104678,1
6105382,1
6106438,1
6106983,1
6107232,1
6107449,1
6110656,1
6111161,1
6112410,1
6112799,1
6113196,1
6113267,1
6113549,1
6113824,1
6114086,1
6114310,1
6114701,1
6115072,1
6115245,1
6117843,1
6118343,1
6118483,1
6118925,1
6119392,1
6119660,1
6119770,1
6119821,1
6119853,1
6119891,2
6120186,1
6120346,1
6120863,1
6120954,1
6121216,1
6121984,1
6122215,1
6122291,1
6122381,1
6123161,1
6123552,1
6124384,1
6124659,1
6124813,1
6125343,1
6125715,1
6127629,1
6128083,1
6128294,1
6128339,1
6129178,1
6129306,1
6129498,1
6129779,1
6131219,1
6131962,1
6132992,1
6134790,1
6135354,1
6135814,1
6136358,1
6136441,1
6136627,1
6137402,1
6137645,1
6138285,1
6139110,1
6139801,1
6140051,1
6140159,1
6140211,1
6140416,1
6140633,1
6140755,1
6141216,1
6141350,1
6141773,1
6142112,1
6142336,1
6143334,1
6144314,1
6144499,2
6145683,1
6145721,1
6146816,1
6147053,1
6147680,1
6148416,1
6148659,1
6148787,1
6148896,1
6149498,1
6149849,1
6149984,1
6150099,1
6150598,1
6150649,1
6150841,1
6150899,1
6151705,1
6152102,1
6152153,1
6152480,1
6152499,1
6152595,1
6154752,1
6155871,1
6155897,1
6156230,1
6156454,1
6156659,1
6157037,1
6157433,1
6157529,1
6158048,1
6158131,1
6158599,1
6158643,1
6159411,1
6159443,1
6159686,1
6163884,1
6166624,1
6167821,1
6168646,1
6169209,1
6169497,1
6169639,1
6171379,1
6171648,1
6172672,1
6173017,1
6173050,1
6173286,1
6173363,1
6174169,1
6174355,1
6176102,1
6176365,1
6176480,1
6177171,1
6177901,1
6178630,1
6178732,1
6179379,1
6179456,1
6179846,1
6180780,1
6180800,1
6180966,1
6181228,1
6181594,1
6181703,1
6182105,1
6182202,1
6182720,1
6184185,1
6185651,1
6185811,1
6185830,1
6185920,1
6186617,1
6187507,1
6187891,1
6188749,1
6189068,1
6189907,1
6192077,1
6192141,1
6192736,1
6192793,1
6193037,1
6193599,1
6193978,1
6194060,1
6194297,1
6197216,1
6197792,1
6198150,1
6198247,1
6199180,1
6199782,1
6199833,1
6200218,1
6200691,1
6200832,1
6200909,1
6201503,1
6201702,1
6202163,1
6202188,1
6203111,1
6203379,1
6203628,1
6203667,1
6205165,1
6205184,1
6205964,1
6206886,1
6208748,1
6208806,1
6209235,1
6209408,1
6209427,1
6209581,1
6209754,1
6210118,1
6210746,1
6212262,1
6212685,1
6212762,1
6212844,1
6212959,1
6213158,1
6213747,1
6214361,1
6214573,1
6217126,1
6217715,1
6217760,1
6217888,1
6218131,1
6219015,1
6219072,1
6219437,1
6219795,1
6220569,1
6221484,1
6221887,1
6221901,1
6222003,1
6222733,1
6223123,1
6223277,1
6224154,1
6224269,1
6224275,1
6224512,1
6224659,1
6224857,1
6225830,1
6227155,1
6227885,1
6228448,1
6228698,1
6228780,1
6229024,1
6229062,1
6230381,1
6231104,1
6231328,1
6231904,1
6231962,1
6232659,1
6233081,1
6233159,1
6234003,1
6235450,1
6235846,1
6235897,1
6236435,1
6236704,1
6236806,1
6236883,1
6237331,1
6237575,1
6237747,1
6237767,1
6238745,1
6239238,1
6239347,1
6240390,1
6241190,1
6241510,1
6241600,1
6242029,1
6242138,1
6242380,1
6242925,1
6242988,1
6243321,1
6243667,1
6244083,1
6244134,1
6244179,1
6244787,1
6245849,1
6246470,1
6246566,1
6246982,1
6248013,1
6249139,1
6249600,1
6249850,1
6252569,1
6254387,1
6254995,1
6255181,1
6255591,1
6256192,1
6256275,1
6257056,1
6257210,1
6257222,1
6257670,1
6258387,1
6259040,1
6259699,1
6260038,1
6260192,1
6261613,1
6263962,1
6265196,1
6265273,1
6270355,1
6270790,1
6271885,1
6272122,1
6274188,1
6275507,1
6277184,1
6277215,1
6277395,1
6277958,1
6278214,1
6278233,1
6278617,1
6279647,1
6280275,1
6281293,1
6282624,1
6283385,1
6284435,1
6284985,1
6285875,1
6286918,1
6287213,1
6287878,1
6289766,1
6290189,1
6290355,1
6290412,1
6294451,1
6295123,1
6295418,1
6296192,1
6296723,1
6297228,1
6297267,1
6297535,1
6297740,1
6297951,1
6299635,1
6300198,1
6300371,1
6301370,1
6304857,1
6306336,1
6306681,1
6308173,1
6309811,1
6312371,1
6313587,1
6315187,1
6317311,1
6318240,1
6319642,1
6321811,1
6322861,1
6323308,1
6325420,1
6325497,1
6325741,1
6328236,1
6329254,1
6331597,1
6334502,1
6335238,1
6336479,1
6336966,1
6337023,1
6337587,1
6337849,1
6337850,1
6339513,1
6342457,1
6343270,1
6343987,1
6346643,1
6347488,1
6349580,1
6349990,1
6350233,1
6351289,1
6353831,1
6354419,1
6356134,1
6358150,1
6359980,1
6361491,1
6361779,1
6362265,1
6362630,1
6364787,1
6366483,1
6376391,1
6381030,1
6383469,1
6384634,1
6384679,1
6386688,1
6391431,1
6394189,1
6394361,1
6396371,1
6407507,1
6409715,1
6410496,1
6411251,1
6413024,1
6415399,1
6415711,1
6416595,1
6423143,1
6428710,1
6431379,1
6438508,1
6439219,1
6441031,1
6444525,1
6454816,1
6915993,1
