5180232,1
5251065,1
5285390,1
5288669,1
5292495,1
5303887,1
5363834,1
5363878,1
5381056,1
5381167,1
5390662,1
5399953,1
5415232,1
5415334,1
5422844,1
5430373,1
5433362,1
5436527,1
5436594,1
5436957,1
5455118,1
5455500,1
5461364,1
5469879,1
5470471,1
5471670,1
5475118,1
5482500,1
5483010,1
5483398,1
5484798,1
5487502,1
5490371,1
5491772,1
5494647,1
5494789,1
5495423,1
5496977,1
5497034,1
5497154,1
5497664,1
5498847,1
5498918,1
5499305,1
5499561,1
5500351,1
5501158,1
5501888,1
5502623,1
5503407,1
5504536,1
5505207,1
5505897,1
5506478,1
5512337,1
5517564,1
5518115,1
5518526,1
5520030,1
5520045,1
5523087,1
5523249,1
5525854,1
5528506,1
5530039,1
5532107,1
5532354,1
5535095,1
5538192,1
5538586,1
5541939,1
5546352,1
5547573,1
5547750,1
5549239,1
5549778,1
5552420,1
5552884,1
5557700,1
5558508,1
5558746,1
5561823,1
5562792,1
5565973,1
5566318,1
5566783,1
5567323,1
5568725,1
5569242,1
5569465,1
5570216,1
5571742,1
5578251,1
5578696,1
5579191,1
5580117,1
5580618,1
5581420,1
5581578,1
5581861,1
5584227,1
5585891,1
5587738,1
5588350,1
5592193,1
5592837,1
5593111,1
5597480,1
5598482,1
5598808,1
5599002,1
5599280,1
5599611,1
5604431,1
5605573,1
5606205,1
5609766,1
5610755,1
5614832,1
5617256,1
5617581,1
5619970,1
5622270,1
5623380,1
5623876,1
5624328,1
5624615,1
5626223,1
5626246,1
5626267,1
5626298,1
5628950,1
5629774,1
5630508,1
5631144,1
5633231,1
5634722,1
5635138,1
5635521,1
5637154,1
5640446,1
5640747,1
5640977,1
5642468,1
5642780,1
5643083,1
5644233,1
5645183,1
5645872,1
5647086,1
5649461,1
5649929,1
5652575,1
5652855,1
5652976,1
5655872,1
5656424,1
5658522,1
5660060,1
5660465,1
5661187,1
5661299,1
5662337,1
5662567,1
5664121,1
5664882,1
5665307,1
5665816,1
5667590,1
5667962,1
5668352,1
5668704,1
5669082,1
5670868,1
5673071,1
5673292,1
5673475,1
5676285,1
5677128,1
5678033,1
5680855,1
5681023,1
5683313,1
5683564,1
5684584,1
5684771,1
5685137,1
5685273,1
5686297,1
5686433,1
5687154,1
5688488,1
5689632,1
5689765,1
5690565,1
5690941,1
5691151,1
5691544,1
5691654,1
5691881,1
5692027,1
5692707,1
5692830,1
5694687,1
5695340,1
5696341,1
5698032,1
5698829,1
5703597,1
5704539,1
5706176,1
5709598,1
5709789,1
5710506,1
5711161,1
5713435,1
5713799,1
5714006,1
5716073,1
5719018,1
5720032,1
5720408,1
5721158,1
5722437,1
5723244,1
5723365,1
5723868,1
5724031,1
5724875,1
5725631,1
5726884,1
5727091,1
5727549,1
5727645,1
5727952,1
5729347,1
5730374,1
5731242,1
5731843,1
5732559,1
5733516,1
5733903,1
5734127,1
5736478,1
5737371,1
5737589,1
5738276,1
5738541,1
5741633,1
5741690,1
5742757,1
5745537,1
5746324,1
5746705,1
5747247,1
5749063,1
5751018,1
5751230,1
5751445,1
5751860,1
5752282,1
5752757,1
5753747,1
5754899,1
5755882,1
5756813,1
5758181,1
5758603,1
5759136,1
5759489,1
5760966,1
5762052,1
5762300,1
5762358,1
5762391,1
5762922,1
5763072,1
5764207,1
5765616,1
5765998,1
5769225,1
5769863,1
5770536,1
5771717,1
5772779,1
5773517,1
5776176,1
5776557,1
5776741,1
5776768,1
5777395,1
5777415,1
5777437,1
5781420,1
5782148,1
5782242,1
5783617,1
5783884,1
5784588,1
5785065,1
5785963,1
5786382,1
5786474,1
5786639,1
5787195,1
5787646,1
5790016,1
5790179,1
5790947,1
5792248,1
5792389,1
5792618,1
5792784,1
5793076,1
5793584,1
5793681,1
5796948,1
5797309,1
5797480,1
5797764,1
5800573,1
5801282,1
5801516,1
5801951,1
5802062,1
5803577,1
5803850,1
5803941,1
5805229,1
5805464,1
5805910,1
5806004,1
5806538,1
5807011,1
5809446,1
5811211,1
5811381,1
5811444,1
5812494,1
5812553,1
5813187,1
5813589,1
5814405,1
5814707,1
5815494,1
5816422,1
5816506,1
5817492,1
5817709,1
5818254,1
5820808,1
5822384,1
5823340,1
5823589,1
5823950,1
5823959,1
5823990,1
5826029,1
5826035,1
5826170,1
5828085,1
5828310,1
5828980,1
5829277,1
5829773,1
5829811,1
5830883,1
5831124,1
5832552,1
5833722,1
5833741,1
5834001,1
5834069,1
5834288,1
5834575,1
5835410,1
5836321,1
5837031,1
5837187,1
5837552,1
5837569,1
5838024,1
5838337,1
5838442,1
5840310,1
5841420,1
5841969,1
5842056,1
5842315,1
5843187,1
5843243,1
5843906,1
5844217,1
5844901,1
5846093,1
5846572,1
5846635,1
5846948,1
5847495,1
5847674,1
5848099,1
5848507,1
5849319,1
5849333,1
5849400,1
5849522,1
5850958,1
5851607,1
5852316,1
5852767,1
5853244,1
5854345,1
5855214,1
5855396,1
5855562,1
5855902,1
5856626,1
5856997,1
5857136,1
5857402,1
5857623,1
5860480,1
5861008,1
5861017,1
5861377,1
5861847,1
5861864,1
5861936,1
5863463,1
5863703,1
5864294,1
5864473,1
5865500,1
5865857,1
5865956,1
5867319,1
5869843,1
5870723,1
5870783,1
5870845,1
5871408,1
5871433,1
5871974,1
5872027,1
5872175,1
5872856,1
5873473,1
5874967,1
5875848,1
5875904,1
5875993,1
5876188,1
5876451,1
5876476,1
5877158,1
5877205,1
5877889,1
5877991,1
5878403,1
5878722,1
5878889,1
5878960,1
5879255,1
5879614,1
5879701,1
5879967,1
5880740,1
5880933,1
5881566,1
5882843,1
5883262,1
5883593,1
5884838,1
5885118,1
5888550,1
5889159,1
5890598,1
5890866,1
5891104,1
5893328,1
5893367,1
5893411,1
5893838,1
5894244,1
5895236,1
5896922,1
5897009,1
5897894,1
5898054,1
5898898,1
5899583,1
5899982,1
5900474,1
5900584,1
5902368,1
5902706,1
5902764,1
5903084,1
5905147,1
5906192,1
5906749,1
5908066,1
5909220,1
5911061,1
5911438,1
5911706,1
5912234,1
5914569,1
5914671,1
5916050,1
5916161,1
5916212,1
5917015,1
5917797,1
5917921,1
5918196,1
5918742,1
5918960,1
5919195,1
5919326,1
5920399,1
5920568,1
5921053,1
5922127,1
5922662,1
5922991,1
5925424,1
5926075,1
5926255,1
5926320,1
5929134,1
5930004,1
5930085,1
5930462,1
5930512,1
5930768,1
5931999,1
5932275,1
5932508,1
5933009,1
5933307,1
5934804,1
5935703,1
5936145,1
5936328,1
5936595,1
5936799,1
5938408,1
5938537,1
5941258,1
5943035,1
5943638,1
5943988,1
5944826,1
5944921,1
5945170,1
5945305,1
5946692,1
5947575,1
5947813,1
5947920,2
5948133,1
5948409,1
5950842,1
5951751,1
5952552,1
5953003,1
5953874,1
5953960,1
5954194,1
5955051,1
5955622,1
5955761,1
5957642,1
5959926,1
5960426,1
5960948,1
5961868,1
5961914,1
5962288,1
5962597,1
5962820,1
5962976,1
5963340,1
5963947,1
5964106,1
5965563,1
5966224,1
5966455,1
5967188,1
5967242,1
5969955,1
5973809,1
5974010,1
5974429,1
5975340,1
5976059,1
5976453,1
5976775,1
5978259,1
5978521,1
5978788,1
5980322,1
5981285,1
5981946,1
5982123,1
5982132,1
5982454,1
5982555,1
5983375,1
5985147,1
5985664,1
5986755,1
5987019,1
5987050,2
5987703,1
5988707,1
5990787,1
5993735,1
5996088,1
5997138,1
5997563,1
5998218,1
5998398,1
5999851,1
5999884,1
6000603,1
6000618,1
6002643,1
6003814,1
6005312,1
6007939,1
6008623,1
6008716,1
6010163,1
6011167,1
6013842,1
6014065,1
6015525,1
6016295,1
6016957,1
6018132,1
6019824,1
6020151,1
6020686,1
6021475,1
6022327,1
6022571,1
6023745,1
6023760,1
6025177,1
6025357,1
6025503,1
6027834,1
6028261,1
6029666,1
6029741,1
6030250,1
6030974,1
6033840,1
6034182,1
6035088,1
6036101,1
6036159,1
6036168,1
6036349,1
6037757,1
6038018,1
6038156,1
6038739,1
6039449,1
6039835,1
6040273,1
6042907,1
6045830,1
6045965,1
6047123,1
6048982,1
6050417,1
6050904,1
6051322,1
6053299,1
6053477,1
6053530,1
6054882,1
6055128,1
6056434,1
6058528,1
6058546,1
6059171,1
6059931,1
6060713,1
6060735,1
6061074,1
6061875,1
6062424,1
6066511,1
6069164,1
6071102,1
6071414,1
6073338,1
6075896,1
6078168,1
6079654,1
6080859,1
6081315,1
6081801,1
6084250,1
6084339,1
6085441,1
6086681,1
6087541,1
6088258,1
6088842,1
6092560,1
6093621,1
6094283,1
6094744,1
6094783,1
6095098,1
6095219,1
6095635,1
6098453,1
6101031,1
6102294,1
6102405,1
6102545,1
6103316,1
6105057,1
6107267,1
6112772,1
6113367,1
6117277,1
6119897,1
6120429,1
6120489,1
6120711,1
6123418,1
6123665,1
6125361,1
6125928,1
6128895,1
6132191,1
6135372,1
6135951,1
6137534,1
6137862,1
6138591,1
6140190,1
6141144,1
6141367,1
6142154,1
6142325,1
6144244,1
6147674,1
6154626,1
6155065,1
6155147,1
6155334,1
6160420,1
6165064,1
6165093,1
6165120,1
6171600,1
6171955,1
6172514,1
6178006,1
6178436,1
6185533,1
6186666,1
6186987,1
6192915,1
6199465,1
6200941,1
6205394,1
6205712,1
6208207,1
6208881,1
6216251,1
6219990,1
6220172,1
6235673,1
6236021,1
6236132,1
6237761,1
6240187,1
6241565,1
6242385,1
6243443,1
6244739,1
6247779,1
6248633,1
6248795,1
6249319,1
6249438,1
6250990,1
6251596,1
6255706,1
6256584,1
6260527,1
6270102,1
6273368,1
6273462,1
6288992,1
6298916,1
6304328,1
6311544,1
6313787,1
6314533,1
6315475,1
6315816,1
6317262,1
6320251,1
6320304,1
6320873,1
6327663,1
6330543,1
6339045,1
6356533,1
6360921,1
6361713,1
6367387,1
6384711,1
6410251,1
6416057,1
6496301,1
6937670,1
7622462,1
7724078,1
7786356,1
7874834,1
8044499,1
